@article{RN9,
  title = {Mobile Robot Navigation and Obstacle Avoidance Techniques: A Review},
  type  = {Journal Article}
}


@article{RN24,
  title = {Using Genetic Algorithm for a Mobile Robot Path Planning},
  type  = {Journal Article}
}

@article{RN14,
  author  = {Altendorfer, R. and Moore, N. and Komsuolu, H. and Buehler, M. and Brown, H. B. and McMordie, D. and Saranli, U. and Full, R. and Koditschek, D. E.},
  title   = {RHex: A biologically inspired hexapod runner},
  journal = {Autonomous Robots},
  volume  = {11},
  number  = {3},
  pages   = {207-213},
  issn    = {0929-5593},
  doi     = {Doi 10.1023/A:1012426720699},
  url     = {<Go to ISI>://WOS:000171794200003},
  year    = {2001},
  type    = {Journal Article}
}

@article{RN11,
  author  = {C.A.M.Gielen, RoyGlasiusAndrzejKomodaStan},
  title   = {Neural Network Dynamics for Path Planning and Obstacle Avoidance},
  journal = {Neural Networks},
  year    = {1995},
  type    = {Journal Article}
}

@article{RN6,
  author  = {Chai, X. and Gao, F. and Qi, C. K. and Pan, Y. and Xu, Y. L. and Zhao, Y.},
  title   = {Obstacle avoidance for a hexapod robot in unknown environment},
  journal = {Science China-Technological Sciences},
  volume  = {60},
  number  = {6},
  pages   = {818-831},
  issn    = {1674-7321},
  doi     = {10.1007/s11431-016-9017-6},
  url     = {<Go to ISI>://WOS:000402893000002},
  year    = {2017},
  type    = {Journal Article}
}

@article{RN5,
  author  = {Chen, C. H. and Wang, C. C. and Wang, Y. T. and Wang, P. T.},
  title   = {Fuzzy Logic Controller Design for Intelligent Robots},
  journal = {Mathematical Problems in Engineering},
  issn    = {1024-123x},
  doi     = {Artn 8984713
10.1155/2017/8984713},
  url     = {<Go to ISI>://WOS:000412009900001},
  year    = {2017},
  type    = {Journal Article}
}

@article{RN15,
  author = {Chi, Kai-Hui},
  title  = {Obstacle avoidance in mobile robot using Neural Network},
  year   = {2011},
  type   = {Journal Article}
}

@article{RN8,
  author  = {Cully, A. and Clune, J. and Tarapore, D. and Mouret, J. B.},
  title   = {Robots that can adapt like animals},
  journal = {Nature},
  volume  = {521},
  number  = {7553},
  pages   = {503-U476},
  issn    = {0028-0836},
  doi     = {10.1038/nature14422},
  url     = {<Go to ISI>://WOS:000355286600039},
  year    = {2015},
  type    = {Journal Article}
}

@article{RN29,
  author  = {Gavrilov, A. V. and Lee, S.},
  title   = {An architecture of hybrid neural network based navigation system for mobile robot},
  journal = {Proceedings of the 7th International Conference on Intelligent Systems Design and Applications},
  pages   = {587-590},
  doi     = {10.1109/Isda.2007.49},
  url     = {<Go to ISI>://WOS:000252223600095},
  year    = {2007},
  type    = {Journal Article}
}

@article{RN2,
  author  = {Hong, J. and Tang, K. Q. and Chen, C. L.},
  title   = {Obstacle Avoidance of Hexapod Robots Using Fuzzy Q-Learning},
  journal = {2017 Ieee Symposium Series on Computational Intelligence (Ssci)},
  pages   = {1262-1267},
  url     = {<Go to ISI>://WOS:000428251401047},
  year    = {2017},
  type    = {Journal Article}
}

@article{RN3,
  author  = {Hong, J. and Tang, K. Q. and Chen, C. L.},
  title   = {Obstacle Avoidance of Hexapod Robots Using Fuzzy Q-Learning},
  journal = {2017 Ieee Symposium Series on Computational Intelligence (Ssci)},
  pages   = {1262-1267},
  url     = {<Go to ISI>://WOS:000428251401047},
  year    = {2017},
  type    = {Journal Article}
}

@article{RN12,
  author  = {Hong, J. and Tang, K. Q. and Chen, C. L.},
  title   = {Obstacle Avoidance of Hexapod Robots Using Fuzzy Q-Learning},
  journal = {2017 Ieee Symposium Series on Computational Intelligence (Ssci)},
  pages   = {1262-1267},
  url     = {<Go to ISI>://WOS:000428251401047},
  year    = {2017},
  type    = {Journal Article}
}

@article{RN22,
  author = {Horváth, I. Engedy; G.},
  title  = {Artificial neural network based local motion planning of a wheeled mobile robot},
  year   = {2010},
  type   = {Journal Article}
}

@article{RN1,
  author  = {Huang, B. Q. and Cao, G. Y. and Guo, M.},
  title   = {Reinforcement learning neural network to the problem of autonomous mobile robot obstacle avoidance},
  journal = {Proceedings of 2005 International Conference on Machine Learning and Cybernetics, Vols 1-9},
  pages   = {85-89},
  url     = {<Go to ISI>://WOS:000235325600015},
  year    = {2005},
  type    = {Journal Article}
}

@article{RN18,
  author  = {Huang, B. Q. and Cao, G. Y. and Guo, M.},
  title   = {Reinforcement learning neural network to the problem of autonomous mobile robot obstacle avoidance},
  journal = {Proceedings of 2005 International Conference on Machine Learning and Cybernetics, Vols 1-9},
  pages   = {85-89},
  url     = {<Go to ISI>://WOS:000235325600015},
  year    = {2005},
  type    = {Journal Article}
}

@article{RN19,
  author  = {Hwangbo, J. and Lee, J. and Dosovitskiy, A. and Bellicoso, D. and Tsounis, V. and Koltun, V. and Hutter, M.},
  title   = {Learning agile and dynamic motor skills for legged robots},
  journal = {Science Robotics},
  volume  = {4},
  number  = {26},
  issn    = {2470-9476},
  doi     = {ARTN eaau5872
10.1126/scirobotics.aau5872},
  url     = {<Go to ISI>://WOS:000455967100002},
  year    = {2019},
  type    = {Journal Article}
}

@article{RN30,
  author  = {Kuindersma, S. and Deits, R. and Fallon, M. and Valenzuela, A. and Dai, H. K. and Permenter, F. and Koolen, T. and Marion, P. and Tedrake, R.},
  title   = {Optimization-based locomotion planning, estimation, and control design for the atlas humanoid robot},
  journal = {Autonomous Robots},
  volume  = {40},
  number  = {3},
  pages   = {429-455},
  issn    = {0929-5593},
  doi     = {10.1007/s10514-015-9479-3},
  url     = {<Go to ISI>://WOS:000371241500002},
  year    = {2016},
  type    = {Journal Article}
}

@article{RN31,
  author  = {Li, Z. J. and Xiao, S. T. and Ge, S. S. and Su, H.},
  title   = {Constrained Multilegged Robot System Modeling and Fuzzy Control With Uncertain Kinematics and Dynamics Incorporating Foot Force Optimization},
  journal = {Ieee Transactions on Systems Man Cybernetics-Systems},
  volume  = {46},
  number  = {1},
  pages   = {1-15},
  issn    = {2168-2216},
  doi     = {10.1109/Tsmc.2015.2422267},
  url     = {<Go to ISI>://WOS:000367142100001},
  year    = {2016},
  type    = {Journal Article}
}

@article{RN28,
  author  = {Motlagh, O. and Nakhaeinia, D. and Tang, S. H. and Karasfi, B. and Khaksar, W.},
  title   = {Automatic navigation of mobile robots in unknown environments},
  journal = {Neural Computing & Applications},
  volume  = {24},
  number  = {7-8},
  pages   = {1569-1581},
  issn    = {0941-0643},
  doi     = {10.1007/s00521-013-1393-z},
  url     = {<Go to ISI>://WOS:000336371900009},
  year    = {2014},
  type    = {Journal Article}
}

@article{RN7,
  author  = {Najmurrokhman, A. and Kusnandar and Sofyan, G. I. and Djamal, E. C. and Munir, A. and Wibowo, B. H. S. R.},
  title   = {Design and Implementation of Fuzzy Logic Controller for A Class of Hexapod Mobile Robot},
  journal = {2018 Electrical Power, Electronics, Communications, Controls, and Informatics Seminar (Eeccis)},
  pages   = {269-273},
  issn    = {2470-8461},
  url     = {<Go to ISI>://WOS:000470218500054},
  year    = {2018},
  type    = {Journal Article}
}

@article{RN20,
  author  = {Ni, J. and Wu, L. and Fan, X. and Yang, S. X.},
  title   = {Bioinspired Intelligent Algorithm and Its Applications for Mobile Robot Control: A Survey},
  journal = {Comput Intell Neurosci},
  volume  = {2016},
  pages   = {3810903},
  issn    = {1687-5273 (Electronic)},
  doi     = {10.1155/2016/3810903},
  url     = {https://www.ncbi.nlm.nih.gov/pubmed/26819582},
  year    = {2016},
  type    = {Journal Article}
}

@article{RN21,
  author = {Ramirez-Serrano, Marc Boumedine Montaner* and Alejandro},
  title  = {Fuzzy Knowledge-Based Controller Design for Autonomous Robot Navigation},
  year   = {1998},
  type   = {Journal Article}
}

@article{RN16,
  author = {Reignier, Patrick},
  title  = {Fuzzy logic techniques for mobile robot obstacle avoidance},
  year   = {1994},
  type   = {Journal Article}
}

@article{RN26,
  author  = {Xiao, H. R. and Liao, L. and Zhou, F. Y.},
  title   = {Mobile robot path planning based on Q-ANN},
  journal = {2007 Ieee International Conference on Automation and Logistics, Vols 1-6},
  pages   = {2650-+},
  doi     = {Doi 10.1109/Ical.2007.4339028},
  url     = {<Go to ISI>://WOS:000252380300510},
  year    = {2007},
  type    = {Journal Article}
}

@article{RN27,
  author  = {Yang, S. X. and Meng, M.},
  title   = {Neural network approaches to dynamic collision-free trajectory generation},
  journal = {IEEE Trans Syst Man Cybern B Cybern},
  volume  = {31},
  number  = {3},
  pages   = {302-18},
  issn    = {1083-4419 (Print)
1083-4419 (Linking)},
  doi     = {10.1109/3477.931512},
  url     = {https://www.ncbi.nlm.nih.gov/pubmed/18244794},
  year    = {2001},
  type    = {Journal Article}
}

@article{RN17,
  author  = {Zhang, Y. N. and Wang, J.},
  title   = {Obstacle avoidance for kinematically redundant manipulators using a dual neural network},
  journal = {Ieee Transactions on Systems Man and Cybernetics Part B-Cybernetics},
  volume  = {34},
  number  = {1},
  pages   = {752-759},
  issn    = {1083-4419},
  doi     = {10.1109/Tsmcb.2003.811519},
  url     = {<Go to ISI>://WOS:000188464600074},
  year    = {2004},
  type    = {Journal Article}
}

@article{RN4,
  author  = {Zhao, X. C. and Luo, Q. S. and Han, B. L.},
  title   = {Research on the Real Time Obstacle Avoidance Control Technology of Biologically Inspired Hexapod Robot},
  journal = {2008 7th World Congress on Intelligent Control and Automation, Vols 1-23},
  pages   = {2306-+},
  doi     = {Doi 10.1109/Wcica.2008.4593282},
  url     = {<Go to ISI>://WOS:000259965701211},
  year    = {2008},
  type    = {Journal Article}
}

@article{RN13,
  author  = {Zhao, Y. and Chai, X. and Gao, F. and Qi, C. K.},
  title   = {Obstacle avoidance and motion planning scheme for a hexapod robot Octopus-III},
  journal = {Robotics and Autonomous Systems},
  volume  = {103},
  pages   = {199-212},
  issn    = {0921-8890},
  doi     = {10.1016/j.robot.2018.01.007},
  url     = {<Go to ISI>://WOS:000430764100015},
  year    = {2018},
  type    = {Journal Article}
}

@article{RN23,
  author  = {Zhu, A. M. and Yang, S. X.},
  title   = {Neurofuzzy-based approach to mobile robot navigation in unknown environments},
  journal = {Ieee Transactions on Systems Man and Cybernetics Part C-Applications and Reviews},
  volume  = {37},
  number  = {4},
  pages   = {610-621},
  issn    = {1094-6977},
  doi     = {10.1109/Tsmcc.2007.897499},
  url     = {<Go to ISI>://WOS:000247644800017},
  year    = {2007},
  type    = {Journal Article}
}

@article{RN25,
  author  = {Zou, A. M. and Hou, Z. G. and Fu, S. Y. and Tan, M.},
  title   = {Neural networks for mobile robot navigation: A survey},
  journal = {Advances in Neural Networks - Isnn 2006, Pt 2, Proceedings},
  volume  = {3972},
  pages   = {1218-1226},
  issn    = {0302-9743},
  url     = {<Go to ISI>://WOS:000239483000177},
  year    = {2006},
  type    = {Journal Article}
}


@article{HOPFIELD,
  author  = {Hopfield,JJ},
  title   = {Neural Networks And Physical Systems With Emergent Collective Computational Abilities},
  journal = {PROCEEDINGS OF THE NATIONAL ACADEMY OF SCIENCES OF THE UNITED STATES OF AMERICA-BIOLOGICAL SCIENCES},
  volume  = {79},
  pages   = {2554-2558},
  year    = {1982},
  type    = {Journal Article}
}

